@book{wilkinson:grammar,
  title={{The Grammar of Graphics}},
  author={Wilkinson, Leland},
  year={2005},
  edition={2},
  publisher={Springer}
}

@book{wickham:ggplot2,
  title={{ggplot2: Elegant Graphics for Data Analysis}},
  year={2009},
  author={Wickham, Hadley},
  publisher={Springer}
}

@article{wickham:layered,
  title={{A Layered Grammar of Graphics}},
  author={Wickham, Hadley},
  journal={Journal of Computational and Graphical Statistics},
  volume={19},
  number={1},
  pages={3--28},
  year={2010},
  publisher={Taylor \& Francis}
}

@article{becker:trellis,
  title={{The Visual Design and Control of Trellis Display}},
  author={Becker, Richard A and Cleveland, William S and Shyu, Ming-Jen},
  journal={Journal of Computational and Graphical Statistics},
  volume={5},
  number={2},
  pages={123--155},
  year={1996},
  publisher={Taylor \& Francis}
}

@article{bostock:protovis,
  title={{Protovis: A Graphical Toolkit for Visualization}},
  author={Bostock, Michael and Heer, Jeffrey},
  journal={IEEE Transactions on Visualization and Computer Graphics (TVCG) (Proc. InfoVis)},
  volume={15},
  number={6},
  pages={1121--1128},
  year={2009},
  publisher={IEEE}
}

@article{heer:protovisjava,
  title={{Declarative Language Design for Interactive Visualization}},
  author={Heer, Jeffrey and Bostock, Michael},
  journal={IEEE Transactions on Visualization and Computer Graphics (TVCG) (Proc. InfoVis)},
  volume={16},
  number={6},
  pages={1149--1156},
  year={2010},
  publisher={IEEE}
}

@article{bostock:d3,
  title={{D3: Data-Driven Documents}},
  author={Bostock, Michael and Ogievetsky, Vadim and Heer, Jeffrey},
  journal={IEEE Transactions on Visualization and Computer Graphics (TVCG) (Proc. InfoVis)},
  volume={17},
  number={12},
  pages={2301--2309},
  year={2011},
  publisher={IEEE}
}

@article{pike:interactionscience,
  title={{The Science of Interaction}},
  author={Pike, William A and Stasko, John and Chang, Remco and O'Connell, Theresa A},
  journal={Information Visualization},
  volume={8},
  number={4},
  pages={263--274},
  year={2009},
  publisher={SAGE Publications}
}

@article{liu:mentalmodels,
  title={{Mental Models, Visual Reasoning and Interaction in Information Visualization: A Top-down Perspective}},
  author={Liu, Zhicheng and Stasko, John T},
  journal={IEEE Transactions on Visualization and Computer Graphics (TVCG) (Proc. InfoVis)},
  volume={16},
  number={6},
  pages={999--1008},
  year={2010},
  publisher={IEEE}
}

@inproceedings{myers:callbacks,
  title={Separating application code from toolkits: eliminating the spaghetti of call-backs},
  author={Myers, Brad A},
  booktitle={Proceedings of the 4th annual ACM symposium on User Interface Software and Technology},
  pages={211--220},
  year={1991},
  organization={ACM}
}

@inproceedings{reactive-vega-model,
  title={{Declarative Interaction Design for Data Visualization}},
  author={Satyanarayan, Arvind and Wongsuphasawat, Kanit and Heer, Jeffrey},
  booktitle={Proceedings of the 27th annual ACM symposium on User Interface Software and Technology},
  pages={669--678},
  year={2014},
  organization={ACM}
}

@article{reactive-vega-arch,
 title = {{Reactive Vega: A Streaming Dataflow Architecture for Declarative Interactive Visualization}},
 author = {Arvind Satyanarayan AND Ryan Russell AND Jane Hoffswell AND Jeffrey Heer},
 journal = {IEEE Transactions on Visualization and Computer Graphics (Proc. InfoVis)},
 year = {2016},
 url = {http://idl.cs.washington.edu/papers/reactive-vega-architecture},
}

@article{stolte:polaris,
  title={{Polaris: A System for Query, Analysis, and Visualization of Multidimensional Relational Databases}},
  author={Stolte, Chris and Tang, Diane and Hanrahan, Pat},
  journal={IEEE Transactions on Visualization and Computer Graphics (TVCG) (Proc. InfoVis)},
  volume={8},
  number={1},
  pages={52--65},
  year={2002},
  publisher={IEEE}
}

@article{mackinlay:showme,
  title={Show me: Automatic presentation for visual analysis},
  author={Mackinlay, Jock D and Hanrahan, Pat and Stolte, Chris},
  journal={Visualization and Computer Graphics, IEEE Transactions on},
  volume={13},
  number={6},
  pages={1137--1144},
  year={2007},
  publisher={IEEE}
}

@misc{ggvis,
  key = {r-ggvis},
  title = {{ggvis 0.4 overview}},
  month={June},
  year={2016},
  howpublished={\url{http://ggvis.rstudio.com}}
}

@misc{shiny,
  key = {r-shiny},
  title = {{Shiny by RStudio}},
  month={June},
  year={2016},
  howpublished={\url{http://shiny.rstudio.com}}
}

@misc{brunel,
  key={brunel},
  title={{Brunel Visualization}},
  month={June},
  year={2016},
  howpublished={\url{https://developer.ibm.com/open/brunel-visualization/}}
}

@article{yi:understanding,
  title={Toward a deeper understanding of the role of interaction in information visualization},
  author={Yi, Ji Soo and ah Kang, Youn and Stasko, John T and Jacko, Julie A},
  journal={IEEE Transactions on Visualization and Computer Graphics (TVCG) (Proc. InfoVis)},
  volume={13},
  number={6},
  pages={1224--1231},
  year={2007},
  publisher={IEEE}
}

@article{choi:visdock,
  title={{VisDock: A Toolkit for Cross-Cutting Interactions in Visualization}},
  author={Choi, Jungu and Park, Deok Gun and Wong, Yuet Ling and Fisher, Eli and Elmqvist, Niklas},
  journal={IEEE Transactions on Visualization and Computer Graphics (TVCG)},
  volume={21},
  number={9},
  pages={1087--1100},
  year={2015},
  publisher={IEEE}
}

@inproceedings{north:snap,
  title={{Snap-Together Visualization: A User Interface for Coordinating Visualizations via Relational Schemata}},
  author={North, Chris and Shneiderman, Ben},
  booktitle={Proceedings of the working conference on Advanced Visual Interfaces},
  pages={128--135},
  year={2000},
  organization={ACM}
}

@inproceedings{chen:compound,
  title={Compound brushing [dynamic data visualization]},
  author={Chen, Hong},
  booktitle={Information Visualization, 2003. INFOVIS 2003. IEEE Symposium on},
  pages={181--188},
  year={2003},
  organization={IEEE}
}

@inproceedings{derthick:interactive,
  title={{An Interactive Visual Query Environment for Exploring Data}},
  author={Derthick, Mark and Kolojejchick, John and Roth, Steven F},
  booktitle={Proceedings of the 10th annual ACM symposium on User Interface Software and Technology},
  pages={189--198},
  year={1997},
  organization={ACM}
}

@inproceedings{olsten:viqing,
  title={{VIQING: Visual Interactive QueryING}},
  author={Olsten, C and Stonebraker, Michael and Aiken, Alexander and Hellerstein, Joseph M},
  booktitle={Proceedings of the IEEE Symposium on Visual Languages},
  pages={162--169},
  year={1998},
  organization={IEEE}
}

@article{heer:dynamics,
  title={{Interactive Dynamics for Visual Analysis}},
  author={Heer, Jeffrey and Shneiderman, Ben},
  journal={Communications of the ACM},
  pages={45--54},
  volume={55},
  number={4},
  year={2012},
  organization={ACM}
}

@inproceedings{heer:generalized,
  title={{Generalized Selection via Interactive Query Relaxation}},
  author={Heer, Jeffrey and Agrawala, Maneesh and Willett, Wesley},
  booktitle={Proceedings of the SIGCHI conference on Human Factors in Computing Systems},
  pages={959--968},
  year={2008},
  organization={ACM}
}

@article{livny:devise,
  title={{DEVise: Integrated Querying and Visual Exploration of Large Datasets}},
  author={Livny, Miron and Ramakrishnan, Raghu and Beyer, Kevin and Chen, Guangshun and Donjerkovic, Donko and Lawande, Shilpa and Myllymaki, Jussi and Wenger, Kent},
  journal={ACM SIGMOD Record},
  volume={26},
  number={2},
  pages={301--312},
  year={1997},
  organization={ACM}
}

@inproceedings{holz:relaxed,
  title={{Relaxed Selection Techniques for Querying Time-Series Graphs}},
  author={Holz, Christian and Feiner, Steven},
  booktitle={Proceedings of the 22nd annual ACM symposium on User Interface Software and Technology},
  pages={213--222},
  year={2009},
  organization={ACM}
}

@article{mackinlay:apt,
  title={{Automating the Design of Graphical Presentations of Relational Information}},
  author={Mackinlay, Jock},
  journal={ACM Transactions on Graphics (TOG)},
  volume={5},
  number={2},
  pages={110--141},
  year={1986},
  publisher={ACM}
}

@article{cleveland:perception,
  Author = {Cleveland, William S and McGill, Robert},
  Journal = {Journal of the American Statistical Association},
  Number = {387},
  Pages = {531--554},
  Title = {{Graphical Perception: Theory, Experimentation, and Application to the Development of Graphical Methods}},
  Volume = {79},
  Year = {1984}
}

@book{bertin:semiology,
  Author = {Bertin, Jacques},
  Publisher = {University of Wisconsin press},
  Title = {{Semiology of Graphics: Diagrams, Networks, Maps}},
  Year = {1983}
}

@inproceedings{beaudouin:instrumental,
  title={{Instrumental interaction: an interaction model for designing post-WIMP user interfaces}},
  author={Beaudouin-Lafon, Michel},
  booktitle={Proceedings of the SIGCHI conference on Human Factors in Computing Systems},
  pages={446--453},
  year={2000},
  organization={ACM}
}

@article{client-server,
 title = {Dynamic Client-Server Optimization for Scalable Interactive Visualization on the Web},
 author = {Dominik Moritz AND Jeffrey Heer AND Bill Howe},
 journal = {Workshop on Data Systems for Interactive Analysis at InfoVis},
 year = {2015},
}

@misc{vega:editor,
  key = {vega-editor},
  title = {{Online Vega Editor}},
  month={June},
  year={2016},
  howpublished={\url{http://vega.github.io/vega-editor/}}
}

@inproceedings{grossman:bubble,
 author = {Grossman, Tovi and Balakrishnan, Ravin},
 title = {{The Bubble Cursor: Enhancing Target Acquisition by Dynamic Resizing of the Cursor's Activation Area}},
 booktitle = {Proceedings of the SIGCHI conference on Human Factors in Computing Systems},
 year = {2005},
 pages = {281--290},
 publisher = {ACM}
}

@article{gratzl:domino,
  title = {{Domino: Extracting, Comparing, and Manipulating Subsets across Multiple Tabular Datasets}},
  volume = {20},
  number = {12},
  journal = {{IEEE} Transactions on Visualization and Computer Graphics (TVG) (Proc. InfoVis)},
  author = {Gratzl, Samuel and Gehlenborg, Nils and Lex, Alexander and Pfister, Hanspeter and Streit, Marc},
  year = {2014},
  pages = {2023--2032}
}

@article{wilhelm:interaction,
  title={User interaction at various levels of data displays},
  author={Wilhelm, Adalbert},
  journal={Computational statistics \& data analysis},
  volume={43},
  number={4},
  pages={471--494},
  year={2003},
  publisher={Elsevier}
}

@article{swayne:ggobi,
  title={{GGobi: evolving from XGobi into an extensible framework for interactive data visualization}},
  author={Swayne, Deborah F and Lang, Duncan Temple and Buja, Andreas and Cook, Dianne},
  journal={Computational Statistics \& Data Analysis},
  volume={43},
  number={4},
  pages={423--444},
  year={2003},
  publisher={Elsevier}
}

@article{shneiderman:dynamicqueries,
  title={{Dynamic Queries for Visual Information Seeking}},
  author={Shneiderman, Ben},
  journal={IEEE software},
  volume={11},
  number={6},
  pages={70--77},
  year={1994},
  publisher={IEEE}
}

@article{hoffswell:debugging,
 title = {{Visual Debugging Techniques for Reactive Data Visualization}},
 author = {Jane Hoffswell AND Arvind Satyanarayan AND Jeffrey Heer},
 journal = {Computer Graphics Forum (Proc. EuroVis)},
 year = {2016},
 url = {http://idl.cs.washington.edu/papers/vega-debugging},
}

@article{domoritz:dsia,
 title = {{Dynamic Client-Server Optimization for Scalable Interactive Visualization on the Web}},
 author = {Dominik Moritz AND Jeffrey Heer AND Bill Howe},
 journal = {Workshop on Data Systems for Interactive Analysis at InfoVis},
 year = {2015},
}

@article{poco:reverse,
 title = {{Reverse-Engineering Visualizations: Recovering Visual Encodings from Chart Images}},
 author = {Jorge Poco AND Jeffrey Heer},
 journal = {Computer Graphics Forum (Proc. EuroVis)},
 year = {2017},
 url = {http://idl.cs.washington.edu/papers/reverse-engineering-vis},
}

@inproceedings{kim:graphscape,
 title = {{GraphScape: A Model for Automated Reasoning about Visualization Similarity and Sequencing}},
 author = {Younghoon Kim AND Kanit Wongsuphasawat AND Jessica Hullman AND Jeffrey Heer},
 booktitle={Proceedings of the SIGCHI conference on Human Factors in Computing Systems},
 year = {2017},
 url = {http://idl.cs.washington.edu/papers/graphscape},
}

@inproceedings{kelleher:modeljs,
  title={Reactive data visualizations},
  author={Kelleher, Curran and Levkowitz, Haim},
  booktitle={IS\&T/SPIE Electronic Imaging},
  pages={93970N--93970N},
  year={2015},
  organization={International Society for Optics and Photonics}
}

@phdthesis{cooper:integrating,
  title={{Integrating Dataflow Evaluation into a Practical Higher-order Call-by-Value Language}},
  author={Cooper, Gregory Harold},
  year={2008},
  school={Brown University}
}

@incollection{cooper:embedding,
  title={{Embedding Dynamic Dataflow in a Call-by-Value Language}},
  author={Cooper, Gregory H and Krishnamurthi, Shriram},
  booktitle={Programming Languages and Systems},
  pages={294--308},
  year={2006},
  publisher={Springer}
}

@inproceedings{edwards:coherent,
  title={{Coherent Reaction}},
  author={Edwards, Jonathan},
  booktitle={Proceedings of the 24th ACM SIGPLAN conference companion on Object oriented programming systems languages and applications},
  pages={925--932},
  year={2009},
  organization={ACM}
}

@article{bainomugisha:frpsurvey,
  title={A survey on reactive programming},
  author={Bainomugisha, Engineer and Carreton, Andoni Lombide and Cutsem, Tom van and Mostinckx, Stijn and Meuter, Wolfgang de},
  journal={ACM Computing Surveys (CSUR)},
  volume={45},
  number={4},
  pages={52},
  year={2013},
  publisher={ACM}
}

@incollection{wan:efrp,
  title={{Event-Driven FRP}},
  author={Wan, Zhanyong and Taha, Walid and Hudak, Paul},
  booktitle={Practical Aspects of Declarative Languages},
  pages={155--172},
  year={2002},
  publisher={Springer}
}

@inproceedings{kin:proton++,
  title={{Proton++: A Customizable Declarative Multitouch Framework}},
  author={Kin, Kenrick and Hartmann, Bj{\"o}rn and DeRose, Tony and Agrawala, Maneesh},
  booktitle={Proceedings of the 25th annual ACM symposium on User Interface Software and Technology},
  pages={477--486},
  year={2012},
  organization={ACM}
}

@article{heer:designpatterns,
  title={{Software Design Patterns for Information Visualization}},
  author={Heer, Jeffrey and Agrawala, Maneesh},
  journal={IEEE Transactions on Visualization and Computer Graphics (TVCG) (Proc. InfoVis)},
  volume={12},
  number={5},
  pages={853--860},
  year={2006},
  publisher={IEEE}
}

@inproceedings{perlin:pad,
  title={Pad: An Alternative Approach to the Computer Interface},
  author={Perlin, Ken and Fox, David},
  booktitle={Proceedings of the 20th annual conference on Computer Graphics and Interactive Techniques},
  pages={57--64},
  year={1993},
  organization={ACM}
}

@inproceedings{heer:voyagers,
  title={{Voyagers and Voyeurs: Supporting Asynchronous Collaborative Visualization}},
  author={Heer, Jeffrey and Vi{\'e}gas, Fernanda B and Wattenberg, Martin},
  booktitle={Proceedings of the SIGCHI conference on Human Factors in Computing Systems},
  pages={1029--1038},
  year={2007},
  organization={ACM}
}

@article{kondo:dimpvis,
  title = {{DimpVis: Exploring Time-varying Information Visualizations by Direct Manipulation}},
  journal = {IEEE Transactions on Visualization and Computer Graphics (TVCG) (Proc. InfoVis)},
  author = {Kondo, Brittany and Collins, Christopher},
  year = {2014},
  volume = {20},
  number = {12},
  pages = {2003-2012}
}

@inproceedings{guo:tutor,
  title={{Online Python Tutor: Embeddable Web-Based Program Visualization for CS Education}},
  author={Guo, Philip J},
  booktitle={Proceeding of the 44th ACM technical symposium on Computer science education},
  pages={579--584},
  year={2013},
  organization={ACM}
}

@article{lins:nanocubes,
  title={{Nanocubes for Real-Time Exploration of Spatiotemporal Datasets}},
  author={Lins, Lauro and Klosowski, James T and Scheidegger, Carlos},
  journal={IEEE Transactions on Visualization and Computer Graphics (TVCG) (Proc. InfoVis)},
  volume={19},
  number={12},
  pages={2456--2465},
  year={2013},
  publisher={IEEE}
}

@article{liu:immens,
  title = {{imMens: Real-time Visual Querying of Big Data}},
  author = {Zhicheng Liu AND Biye Jiang AND Jeffrey Heer},
  journal = {Computer Graphics Forum (Proc. EuroVis)},
  year = {2013},
  volume = {32},
  issue = {3},
  url = {http://vis.stanford.edu/papers/immens}
}

@inproceedings{battle:prefetch,
  title = {Dynamic Generation and Prefetching of Data Chunks for Exploratory Visualization},
  author = {Leilani Battle and Remco Chang and Michael Stonebraker},
  booktitle = {IEEE InfoVis Posters Track},
  year = {2014}
}

@incollection{blackwell:cogdim,
  title={{Cognitive Dimensions of Notations: Design Tools for Cognitive Technology}},
  author={Blackwell, Alan F and Britton, Carol and Cox, A and Green, Thomas RG and Gurr, Corin and Kadoda, Gada and Kutar, MS and Loomes, Martin and Nehaniv, Chrystopher L and Petre, Marian and others},
  booktitle={Cognitive Technology: Instruments of Mind},
  pages={325--341},
  year={2001},
  publisher={Springer}
}

@article{card:modelhuman,
  title={An engineering model of human performance},
  author={Card, Stuart K and Moran, Thomas P and Newell, Allen},
  journal={Ergonomics: Psychological mechanisms and models in ergonomics},
  volume={3},
  pages={382},
  year={2005},
  publisher={Taylor \& Francis}
}

@misc{mediawiki:graph,
  key = {mediawikigraph},
  title = {{MediaWiki Extension:Graph}},
  month={June},
  year={2015},
  howpublished={\url{https://www.mediawiki.org/wiki/Extension:Graph}}
}

@article{voyager,
  title={Voyager: Exploratory {A}nalysis via {F}aceted {B}rowsing of {V}isualization {R}ecommendations},
  author={Wongsuphasawat, Kanit and Moritz, Dominik and Anand, Anushka and Mackinlay, Jock and Howe, Bill and Heer, Jeffrey},
  journal={IEEE Transactions on Visualization and Computer Graphics (TVCG) (Proc. InfoVis)},
  year={2015},
  publisher={IEEE}
}

@article{lyra,
 title = {{Lyra: An Interactive Visualization Design Environment}},
 author = {Arvind Satyanarayan AND Jeffrey Heer},
 journal = {Computer Graphics Forum (Proc. EuroVis)},
 year = {2014},
 url = {http://idl.cs.washington.edu/papers/lyra},
}

@inproceedings{abram:ibmdx,
  title={{An Extended Data-Flow Architecture for Data Analysis and Visualization}},
  author={Abram, Greg and Treinish, Lloyd},
  booktitle={Proceedings of the 6th conference on Visualization},
  pages={263},
  year={1995},
  organization={IEEE Computer Society}
}

@inproceedings{chandrasekaran:telegraphcq,
  title={{TelegraphCQ: continuous dataflow processing}},
  author={Chandrasekaran, Sirish and Cooper, Owen and Deshpande, Amol and Franklin, Michael J and Hellerstein, Joseph M and Hong, Wei and Krishnamurthy, Sailesh and Madden, Samuel R and Reiss, Fred and Shah, Mehul A},
  booktitle={Proceedings of the 2003 ACM SIGMOD international conference on Management of Data},
  pages={668--668},
  year={2003},
  organization={ACM}
}

@inproceedings{weaver:improvise,
  title={{Building Highly-Coordinated Visualizations in Improvise}},
  author={Weaver, C.},
  booktitle={Proc. IEEE Information Visualization},
  pages={159--166},
  year={2004}
}

@article{avnur:eddies,
  title={Eddies: Continuously adaptive query processing},
  author={Avnur, Ron and Hellerstein, Joseph M},
  journal={ACM SIGMOD Record},
  volume={29},
  number={2},
  pages={261--272},
  year={2000},
  organization={ACM}
}

@article{abadi:aurora,
  title={Aurora: a new model and architecture for data stream management},
  author={Abadi, Daniel J and Carney, Don and {\c{C}}etintemel, Ugur and Cherniack, Mitch and Convey, Christian and Lee, Sangdon and Stonebraker, Michael and Tatbul, Nesime and Zdonik, Stan},
  journal={The VLDB Journal--The International Journal on Very Large Data Bases},
  volume={12},
  number={2},
  pages={120--139},
  year={2003},
  publisher={Springer-Verlag New York, Inc.}
}

@incollection{arasu:stream,
  title={{STREAM: The Stanford Data Stream Management System}},
  author={Arasu, Arvind and Babcock, Brian and Babu, Shivnath and Cieslewicz, John and Datar, Mayur and Ito, Keith and Motwani, Rajeev and Srivastava, Utkarsh and Widom, Jennifer},
  booktitle={Data Stream Management},
  pages={317--336},
  year={2016},
  publisher={Springer}
}

@inproceedings{abadi:borealis,
  title={{The Design of the Borealis Stream Processing Engine.}},
  author={Abadi, Daniel J and Ahmad, Yanif and Balazinska, Magdalena and Cetintemel, Ugur and Cherniack, Mitch and Hwang, Jeong-Hyon and Lindner, Wolfgang and Maskey, Anurag and Rasin, Alex and Ryvkina, Esther and others},
  booktitle={CIDR},
  volume={5},
  pages={277--289},
  year={2005}
}

@article{arasu:cql,
  title={The CQL continuous query language: semantic foundations and query execution},
  author={Arasu, Arvind and Babu, Shivnath and Widom, Jennifer},
  journal={The VLDB Journal—The International Journal on Very Large Data Bases},
  volume={15},
  number={2},
  pages={121--142},
  year={2006},
  publisher={Springer-Verlag New York, Inc.}
}

@misc{flexbox,
  key = {Yoga},
  title = {{Yoga}},
  month={March},
  year={2015},
  howpublished={\url{https://facebook.github.io/yoga/}}
}

@inproceedings{heer:prefuse,
  title={Prefuse: a toolkit for interactive information visualization},
  author={Heer, Jeffrey and Card, Stuart K and Landay, James A},
  booktitle={Proc. ACM CHI},
  pages={421--430},
  year={2005},
  organization={ACM}
}

@misc{flare,
  key = {Flare},
  title = {{Flare}},
  month={September},
  year={2013},
  howpublished={\url{http://flare.prefuse.org/}}
}

@misc{mapd:vega,
  key = {MapD},
  title = {{Vega makes visualizing BIG data easy}},
  month={July},
  year={2017},
  howpublished={\url{https://www.mapd.com/blog/2017/07/22/vega-makes-visualizing-big-data-easy/}}
}

@misc{victor:drawing,
  title = {{Drawing Dynamic Visualizations}},
  author = {Bret Victor},
  month={February},
  year={2013},
  howpublished={\url{http://vimeo.com/66085662}}
}

@misc{nytimes:trailer,
  title={{Dissecting a Trailer: The Parts of the Film That Make the Cut}},
  author={Shan Carter AND Amanda Cox AND Mike Bostock},
  publisher={The New York Times},
  months={February},
  year={2013},
  howpublished={\url{http://www.nytimes.com/interactive/2013/02/19/movies/awardsseason/oscar-trailers.html}}
}

@misc{kosara:zipscribble,
  title = {{The US ZIPScribble Map}},
  author = {Robert Kosara},
  month={December},
  year={2006},
  howpublished={\url{http://eagereyes.org/zipscribble-maps/united-states/}}
}

@article{byron:streamgraph,
  title={Stacked Graphs -- Geometry \& Aesthetics},
  author={Byron, Lee and Wattenberg, Martin},
  journal={IEEE Transactions on Visualization and Computer Graphics (TVCG) (Proc. InfoVis)},
  volume={14},
  number={6},
  pages={1245--1252},
  year={2008},
  publisher={IEEE}
}

@article{heer:animated,
  title={{Animated Transitions in Statistical Data Graphics}},
  author={Heer, Jeffrey and Robertson, George G},
  journal={IEEE Transactions on Visualization and Computer Graphics (TVCG) (Proc. InfoVis)},
  volume={13},
  number={6},
  pages={1240--1247},
  year={2007},
  publisher={IEEE}
}

@article{ibm:manyeyes,
 author = {Vi\'{e}gas,, Fernanda B. and Wattenberg,, Martin and van Ham,, Frank and Kriss,, Jesse and McKeon,, Matt},
 title = {{Many Eyes: A Site for Visualization at Internet Scale}},
 journal = {IEEE Transactions on Visualization and Computer Graphics (TVCG) (Proc. InfoVis)},
 volume = {13},
 number = {6},
 year = {2007},
 pages = {1121--1128}
}

@inproceedings{fekete:ivtk,
  title={The {I}nfo{V}is Toolkit},
  author={Fekete, J.-D.},
  booktitle={IEEE Symposium on Information Visualization},
  pages={167--174},
  year={2004}
}

@inproceedings{lucas:dataflow,
  author = {Lucas, Bruce and Abram, Gregory D. and Collins, Nancy S. and Epstein, David A. and Gresh, Donna L. and McAuliffe, Kevin P.},
  title = {{An Architecture for a Scientific Visualization System}},
  booktitle={Proceedings of the 3rd conference on Visualization},
  year = {1992},
  pages = {107--114}
}

@inproceedings{schroeder:vtk,
  title={{The Design and Implementation of an Object-Oriented Toolkit for 3D Graphics and Visualization}},
  author={Schroeder, William J and Martin, Kenneth M and Lorensen, William E},
  booktitle={Proceedings of the 7th conference on Visualization},
  pages={93--ff},
  year={1996},
  organization={IEEE Computer Society Press}
}

@inproceedings{cottam:stencil,
  title={{Stencil: A Conceptual Model for Representation and Interaction}},
  author={Cottam, Joseph and Lumsdaine, Andrew},
  booktitle={Information Visualisation},
  pages={51--56},
  year={2008},
  organization={IEEE}
}

@inproceedings{oney:constraintjs,
  title={{ConstraintJS: Programming Interactive Behaviors for the Web by Integrating Constraints and States}},
  author={Oney, Stephen and Myers, Brad and Brandt, Joel},
  booktitle={Proceedings of the 9th annual ACM symposium on User Interface Software and Technology},
  pages={229--238},
  year={2012},
  organization={ACM}
}

@inproceedings{meyerovich:flapjax,
  title={{Flapjax: A Programming Language for Ajax Applications}},
  author={Meyerovich, Leo A and Guha, Arjun and Baskin, Jacob and Cooper, Gregory H and Greenberg, Michael and Bromfield, Aleks and Krishnamurthi, Shriram},
  booktitle={ACM SIGPLAN Notices},
  volume={44},
  number={10},
  pages={1--20},
  year={2009},
  organization={ACM}
}

@inproceedings{czaplicki:elm,
  title={{Asynchronous Functional Reactive Programming for GUIs}},
  author={Czaplicki, Evan and Chong, Stephen},
  booktitle={ACM SIGPLAN Notices},
  volume={48},
  number={6},
  pages={411--422},
  year={2013},
  organization={ACM}
}

@inproceedings{roth:sagebrush,
  title={{Interactive Graphic Design Using Automatic Presentation Knowledge}},
  author={Roth, Steven F and Kolojejchick, John and Mattis, Joe and Goldstein, Jade},
  booktitle={Proceedings of the SIGCHI conference on Human Factors in Computing Systems},
  pages={112--117},
  year={1994},
  organization={ACM}
}

@article{myers:garnet,
  title={{A New Model for Handling Input}},
  author={Myers, Brad A},
  journal={ACM Transactions on Information Systems (TOIS)},
  volume={8},
  number={3},
  pages={289--320},
  year={1990},
  publisher={ACM}
}

@article{card:morphological,
  title={A morphological analysis of the design space of input devices},
  author={Card, Stuart K and Mackinlay, Jock D and Robertson, George G},
  journal={ACM Transactions on Information Systems (TOIS)},
  volume={9},
  number={2},
  pages={99--122},
  year={1991},
  publisher={ACM}
}

@inproceedings{hudson:constraints,
  title={{Ultra-Lightweight Constraints}},
  author={Hudson, Scott E and Smith, Ian},
  booktitle={Proceedings of the 9th annual ACM symposium on User Interface Software and Technology},
  pages={147--155},
  year={1996},
  organization={ACM}
}

@article{badros:cassowary,
  title={{The Cassowary linear arithmetic constraint solving algorithm}},
  author={Badros, Greg J and Borning, Alan and Stuckey, Peter J},
  journal={ACM Transactions on Computer-Human Interaction (TOCHI)},
  volume={8},
  number={4},
  pages={267--306},
  year={2001},
  publisher={ACM}
}

@article{hutchins:directmanip,
  title={Direct manipulation interfaces},
  author={Hutchins, Edwin L and Hollan, James D and Norman, Donald A},
  journal={Human-Computer Interaction},
  volume={1},
  number={4},
  pages={311--338},
  year={1985},
  publisher={Taylor \& Francis}
}

@inproceedings{bigelow:reflections,
  title={Reflections on how designers design with data},
  author={Bigelow, Alex and Drucker, Steven and Fisher, Danyel and Meyer, Miriah},
  booktitle={Proceedings of the international working conference on Advanced Visual Interfaces},
  pages={17--24},
  year={2014},
  organization={ACM}
}

@inproceedings{kandel:wrangler,
  title={{Wrangler: Interactive Visual Specification of Data Transformation Scripts}},
  author={Kandel, Sean and Paepcke, Andreas and Hellerstein, Joseph and Heer, Jeffrey},
  booktitle={Proceedings of the SIGCHI conference on Human Factors in Computing Systems},
  pages={3363--3372},
  year={2011},
  organization={ACM}
}

@article{vega-lite,
 title = {{Vega-Lite: A Grammar of Interactive Graphics}},
 author = {Arvind Satyanarayan AND Dominik Moritz AND Kanit Wongsuphasawat AND Jeffrey Heer},
 journal = {IEEE Transactions on Visualization and Computer Graphics (Proc. InfoVis)},
 year = {2017},
 url = {http://idl.cs.washington.edu/papers/vega-lite},
}

@inproceedings{voyager2,
 title = {{Voyager 2: Augmenting Visual Analysis with Partial View Specifications}},
 author = {Kanit Wongsuphasawat AND Zening Qu AND Dominik Moritz AND Riley Chang AND Felix Ouk AND Anushka Anand AND Jock Mackinlay AND Bill Howe AND Jeffrey Heer},
 booktitle = {ACM Human Factors in Computing Systems (CHI)},
 year = {2017},
 url = {http://idl.cs.washington.edu/papers/voyager2},
}

@inproceedings{compassql,
 title = {{Towards A General-Purpose Query Language for Visualization Recommendation}},
 author = {Kanit Wongsuphasawat AND Dominik Moritz AND Anushka Anand AND Jock Mackinlay AND Bill Howe AND Jeffrey Heer},
 booktitle = {ACM SIGMOD Human-in-the-Loop Data Analysis (HILDA)},
 year = {2016},
 url = {http://idl.cs.washington.edu/papers/compassql},
}

@inproceedings{kumar:webzeitgeist,
  title={{Webzeitgeist: Design Mining the Web}},
  author={Kumar, Ranjitha and Satyanarayan, Arvind and Torres, Cesar and Lim, Maxine and Ahmad, Salman and Klemmer, Scott R and Talton, Jerry O},
  booktitle={Proceedings of the SIGCHI conference on Human Factors in Computing Systems},
  pages={3083--3092},
  year={2013},
  organization={ACM}
}

@inproceedings{harper:deconstructing,
  title={{Deconstructing and Restyling D3 Visualizations}},
  author={Harper, Jonathan and Agrawala, Maneesh},
  booktitle={Proceedings of the 27th annual ACM symposium on User Interface Software and Technology},
  pages={253--262},
  year={2014},
  organization={ACM}
}

@article{harper:templates,
  title={{Converting Basic D3 Charts into Reusable Style Templates}},
  author={Harper, Jonathan and Agrawala, Maneesh},
  journal={IEEE Transactions on Visualization and Computer Graphics (TVCG)},
  year={2017},
  publisher={IEEE}
}

@article{simon:designscience,
  title={{The Science of Design: Creating the Artificial}},
  author={Simon, Herbert A},
  journal={Design Issues},
  pages={67--82},
  year={1988},
  publisher={JSTOR}
}

@article{brehmer:taxonomy,
author = {Brehmer, M. and Munzner, T.},
title = {{A Multi-Level Typology of Abstract Visualization Tasks}},
journal = {IEEE Transactions Visualization and Computer Graphics (TVCG) (Proc. InfoVis)},
volume = {19},
number = {12},
pages = {2376--2385},
year = {2013}
}

@misc{vega-lite:altair,
  key = {altair},
  title = {{Altair: Declarative Visualization in Python}},
  month={August},
  year={2017},
  howpublished={\url{https://altair-viz.github.io}}
}

@misc{vega-lite:timelyportfolio,
  key = {vegaliteR},
  title = {{vegaliteR: A Vega-Lite htmlwidget for R}},
  month={August},
  year={2017},
  howpublished={\url{https://github.com/timelyportfolio/vegaliteR}}
}

@misc{vega-lite:hrbrmstr,
  key = {vegalite},
  title = {{vegalite: R ggplot2 ``bindings'' for Vega-Lite}},
  month={August},
  year={2017},
  howpublished={\url{https://github.com/hrbrmstr/vegalite}}
}

@misc{vega-lite:scala,
  key = {vegas},
  title = {{Vegas: The missing MatPlotLib for Scala + Spark}},
  month={August},
  year={2017},
  howpublished={\url{https://github.com/aishfenton/Vegas}}
}

@misc{vega-lite:julia,
  key = {vegalite-julia},
  title = {{VegaLite.jl: Julia bindings to Vega-Lite}},
  month={August},
  year={2017},
  howpublished={\url{https://github.com/fredo-dedup/VegaLite.jl}}
}

@misc{vega-lite:clojure,
  key = {vizard},
  title = {{Vizard: Magic Visualization}},
  month={August},
  year={2017},
  howpublished={\url{https://github.com/yieldbot/vizard}}
}

@misc{saber:dramatictour,
  title = {{A Dramatic Tour through Python's Data Visualization Landscape (including ggplot and Altair)}},
  author={Dan Saber},
  month={October},
  year={2016},
  howpublished={\url{https://dsaber.com/2016/10/02/a-dramatic-tour-through-pythons-data-visualization-landscape-including-ggplot-and-altair/}}
}

@misc{apparatus,
  key = {apparatus},
  title = {{Apparatus: A hybrid graphics editor and programming environment for creating interactive diagrams}},
  month={August},
  year={2017},
  howpublished={\url{http://aprt.us/}}
}

@book{tufte:envisioning,
  title={{Envisioning Information}},
  author={Tufte, Edward R},
  year={1990},
  publisher={Graphics Press}
}